<?xml version='1.0' encoding='iso-8859-1' ?>
<collection>
<record xmlns="http://www.loc.gov/MARC21/slim">
  <leader>02306nam0a2200421  I450 </leader>
  <controlfield tag="001">IT\ICCU\AQ1\0031672</controlfield>
  <controlfield tag="005">20050928</controlfield>
  <datafield tag="020" ind1=" " ind2=" ">
    <subfield code="b">1955 3018</subfield>
  </datafield>
  <datafield tag="100" ind1=" " ind2=" ">
    <subfield code="a">19970924d1954    |||||itac50      ba</subfield>
  </datafield>
  <datafield tag="101" ind1="|" ind2=" ">
    <subfield code="a">ita</subfield>
  </datafield>
  <datafield tag="102" ind1=" " ind2=" ">
    <subfield code="a">IT</subfield>
  </datafield>
  <datafield tag="200" ind1="1" ind2=" ">
    <subfield code="a">Teatro elisabettiano</subfield>
    <subfield code="e">Kyd, Marlowe, Heywood, Marston, Jonson, Webster, Tourneur, Ford</subfield>
  </datafield>
  <datafield tag="210" ind1=" " ind2=" ">
    <subfield code="a">Firenze</subfield>
    <subfield code="c">Sansoni</subfield>
    <subfield code="d">stampa 1954</subfield>
  </datafield>
  <datafield tag="215" ind1=" " ind2=" ">
    <subfield code="a">XXVIII, 1274 p.</subfield>
    <subfield code="d">21 cm</subfield>
  </datafield>
  <datafield tag="225" ind1="0" ind2=" ">
    <subfield code="a">HI Igrandi classici stranieri</subfield>
  </datafield>
  <datafield tag="300" ind1=" " ind2=" ">
    <subfield code="a">Trad. di Gabriele Baldini ... [et al.!, sotto la direzione di Mario Praz</subfield>
  </datafield>
  <datafield tag="410" ind1=" " ind2="1">
    <subfield code="1">001IT\ICCU\RAV\0098434</subfield>
    <subfield code="1">2001 </subfield>
    <subfield code="a">HI Igrandi classici stranieri</subfield>
  </datafield>
  <datafield tag="702" ind1=" " ind2="1">
    <subfield code="a">Praz, Mario</subfield>
    <subfield code="3">IT\ICCU\CFIV\000494</subfield>
    <subfield code="4">070</subfield>
  </datafield>
  <datafield tag="702" ind1=" " ind2="1">
    <subfield code="a">Baldini, Gabriele</subfield>
    <subfield code="3">IT\ICCU\CFIV\002641</subfield>
    <subfield code="4">070</subfield>
  </datafield>
  <datafield tag="801" ind1=" " ind2="0">
    <subfield code="a">IT</subfield>
    <subfield code="b">ICCU</subfield>
    <subfield code="c">20060226</subfield>
  </datafield>
  <datafield tag="899" ind1=" " ind2=" ">
    <subfield code="a">Biblioteca civica Giovanni Canna Casale Monferrato AL</subfield>
    <subfield code="1">AL0114</subfield>
    <subfield code="2">TO049</subfield>
  </datafield>
  <datafield tag="899" ind1=" " ind2=" ">
    <subfield code="a">Biblioteca della Facolta&apos; di lettere e filosofia dell&apos;Università degli studi di L&apos;Aquila L&apos;Aquila AQ</subfield>
    <subfield code="1">AQ0156</subfield>
    <subfield code="2">AQ1LF</subfield>
  </datafield>
  <datafield tag="899" ind1=" " ind2=" ">
    <subfield code="a">Biblioteca del quartiere Navile Bologna BO</subfield>
    <subfield code="1">BO0291</subfield>
    <subfield code="2">UBOCN</subfield>
  </datafield>
  <datafield tag="899" ind1=" " ind2=" ">
    <subfield code="a">Biblioteca Natalia Ginzburg del Quartiere Savena/Mazzini Bologna BO</subfield>
    <subfield code="1">BO0297</subfield>
    <subfield code="2">UBOMZ</subfield>
  </datafield>
  <datafield tag="899" ind1=" " ind2=" ">
    <subfield code="a">Biblioteca del quartiere Porto Bologna BO</subfield>
    <subfield code="1">BO0298</subfield>
    <subfield code="2">UBOPT</subfield>
  </datafield>
  <datafield tag="899" ind1=" " ind2=" ">
    <subfield code="a">Biblioteca comunale Ariostea Ferrara FE</subfield>
    <subfield code="1">FE0017</subfield>
    <subfield code="2">UFEAR</subfield>
  </datafield>
  <datafield tag="899" ind1=" " ind2=" ">
    <subfield code="a">Biblioteca nazionale centrale Firenze FI</subfield>
    <subfield code="1">FI0098</subfield>
    <subfield code="2">CFICF</subfield>
  </datafield>
  <datafield tag="899" ind1=" " ind2=" ">
    <subfield code="a">Biblioteca del Conservatorio di musica Giuseppe Verdi Milano MI</subfield>
    <subfield code="1">MI0344</subfield>
    <subfield code="2">LO109</subfield>
  </datafield>
  <datafield tag="899" ind1=" " ind2=" ">
    <subfield code="a">Biblioteca della Accademia dei Filodrammatici Milano MI</subfield>
    <subfield code="1">MI1181</subfield>
    <subfield code="2">LO144</subfield>
  </datafield>
  <datafield tag="899" ind1=" " ind2=" ">
    <subfield code="a">Biblioteca comunale Oristano OR</subfield>
    <subfield code="1">OR0037</subfield>
    <subfield code="2">CAGCO</subfield>
  </datafield>
  <datafield tag="899" ind1=" " ind2=" ">
    <subfield code="a">Biblioteca S. Antonio Dottore Padova PD</subfield>
    <subfield code="1">PD0172</subfield>
    <subfield code="2">PUV40</subfield>
  </datafield>
  <datafield tag="899" ind1=" " ind2=" ">
    <subfield code="a">Biblioteca del Dipartimento di lingue e letterature anglo-germaniche dell&apos;Universita&apos; degli studi di Padova Padova PD</subfield>
    <subfield code="1">PD0323</subfield>
    <subfield code="2">PUV29</subfield>
  </datafield>
  <datafield tag="899" ind1=" " ind2=" ">
    <subfield code="a">Biblioteca comunale Augusta Perugia PG</subfield>
    <subfield code="1">PG0109</subfield>
    <subfield code="2">UM101</subfield>
  </datafield>
  <datafield tag="899" ind1=" " ind2=" ">
    <subfield code="a">Biblioteca universitaria Pavia PV</subfield>
    <subfield code="1">PV0291</subfield>
    <subfield code="2">MILUP</subfield>
  </datafield>
  <datafield tag="899" ind1=" " ind2=" ">
    <subfield code="a">Biblioteca del Liceo scientifico statale Gregorio Ricci Curbastro Lugo RA</subfield>
    <subfield code="1">RA0121</subfield>
    <subfield code="2">RAVMO</subfield>
  </datafield>
  <datafield tag="899" ind1=" " ind2=" ">
    <subfield code="a">Biblioteca del Centro studi del Teatro stabile di Torino Torino TO</subfield>
    <subfield code="1">TO0447</subfield>
    <subfield code="2">TO0G7</subfield>
  </datafield>
  <datafield tag="899" ind1=" " ind2=" ">
    <subfield code="a">Biblioteca civica Attilio Hortis Trieste TS</subfield>
    <subfield code="1">TS0013</subfield>
    <subfield code="2">TSABC</subfield>
  </datafield>
  <datafield tag="899" ind1=" " ind2=" ">
    <subfield code="a">Biblioteca-Archivio Luigi Nono Venezia VE</subfield>
    <subfield code="1">VE0272</subfield>
    <subfield code="2">VEAAN</subfield>
  </datafield>
</record>