

<record xmlns="http://www.loc.gov/MARC21/slim">
  <leader>00601nam0a2200169  I450 </leader>
  <controlfield tag="001">IT\ICCU\ANA\0077010</controlfield>
  <controlfield tag="005">20011018</controlfield>
  <datafield tag="100" ind1=" " ind2=" ">
    <subfield code="a">20011018d1906    |||||itac01      ba</subfield>
  </datafield>
  <datafield tag="101" ind1="|" ind2=" ">
    <subfield code="a">eng</subfield>
  </datafield>
  <datafield tag="102" ind1=" " ind2=" ">
    <subfield code="a">IT</subfield>
  </datafield>
  <datafield tag="200" ind1="1" ind2=" ">
    <subfield code="a">Logica umana</subfield>
    <subfield code="f">dramma in cinque atti di Carlo A. Mor rappresentato per la prima volta a Genova</subfield>
  </datafield>
  <datafield tag="210" ind1=" " ind2=" ">
    <subfield code="a">Rimini</subfield>
    <subfield code="c">Tp. Renzi</subfield>
    <subfield code="d">1906</subfield>
  </datafield>
  <datafield tag="215" ind1=" " ind2=" ">
    <subfield code="a">111 p.</subfield>
    <subfield code="c">ill.</subfield>
    <subfield code="d">17 cm</subfield>
  </datafield>
  <datafield tag="700" ind1=" " ind2="1">
    <subfield code="a">Mor, Carlo A.</subfield>
    <subfield code="3">IT\ICCU\ANAV\039809</subfield>
  </datafield>
  <datafield tag="801" ind1=" " ind2="0">
    <subfield code="a">IT</subfield>
    <subfield code="b">ICCU</subfield>
    <subfield code="c">20040211</subfield>
  </datafield>
  <datafield tag="899" ind1=" " ind2=" ">
    <subfield code="a">Biblioteca comunale Planettiana Jesi AN</subfield>
    <subfield code="1">AN0092</subfield>
    <subfield code="2">ANABC</subfield>
  </datafield>
  <datafield tag="899" ind1=" " ind2=" ">
    <subfield code="a">Biblioteca della Accademia dei Filodrammatici Milano MI</subfield>
    <subfield code="1">MI1181</subfield>
    <subfield code="2">LO144</subfield>
  </datafield>
</record>