

<record xmlns="http://www.loc.gov/MARC21/slim">
  <leader>03225nam0a2200517  I450 </leader>
  <controlfield tag="001">IT\ICCU\BVE\0013119</controlfield>
  <controlfield tag="005">19911026</controlfield>
  <datafield tag="020" ind1=" " ind2=" ">
    <subfield code="b">812588</subfield>
  </datafield>
  <datafield tag="100" ind1=" " ind2=" ">
    <subfield code="a">19911026d1979    |||||itac50      ba</subfield>
  </datafield>
  <datafield tag="101" ind1="|" ind2=" ">
    <subfield code="a">ita</subfield>
  </datafield>
  <datafield tag="102" ind1=" " ind2=" ">
    <subfield code="a">IT</subfield>
  </datafield>
  <datafield tag="200" ind1="1" ind2=" ">
    <subfield code="a">Cronache teatrali del primo Novecento</subfield>
    <subfield code="f">Marco Praga</subfield>
    <subfield code="g">a cura di Ruggero Rimini</subfield>
  </datafield>
  <datafield tag="210" ind1=" " ind2=" ">
    <subfield code="a">\Firenze!</subfield>
    <subfield code="c">Nuovedizioni E. Vallecchi</subfield>
    <subfield code="d">stampa 1979</subfield>
  </datafield>
  <datafield tag="215" ind1=" " ind2=" ">
    <subfield code="a">267 p., \8! c. di tav.</subfield>
    <subfield code="c">ill., ritr.</subfield>
    <subfield code="d">25 cm</subfield>
  </datafield>
  <datafield tag="300" ind1=" " ind2=" ">
    <subfield code="a">Antologia</subfield>
  </datafield>
  <datafield tag="606" ind1=" " ind2=" ">
    <subfield code="a">Teatro - Italia - 1919-1927</subfield>
    <subfield code="2">FI</subfield>
    <subfield code="3">IT\ICCU\SBLC\000304</subfield>
  </datafield>
  <datafield tag="676" ind1=" " ind2=" ">
    <subfield code="a">792</subfield>
    <subfield code="v">18</subfield>
    <subfield code="1">RAPPRESENTAZIONI SCENICHE (TEATRO)</subfield>
  </datafield>
  <datafield tag="700" ind1=" " ind2="1">
    <subfield code="a">Praga, Marco</subfield>
    <subfield code="3">IT\ICCU\CFIV\046541</subfield>
    <subfield code="4">070</subfield>
  </datafield>
  <datafield tag="702" ind1=" " ind2="1">
    <subfield code="a">Rimini, Ruggero</subfield>
    <subfield code="3">IT\ICCU\BVEV\004971</subfield>
    <subfield code="4">070</subfield>
  </datafield>
  <datafield tag="801" ind1=" " ind2="0">
    <subfield code="a">IT</subfield>
    <subfield code="b">ICCU</subfield>
    <subfield code="c">20060226</subfield>
  </datafield>
  <datafield tag="899" ind1=" " ind2=" ">
    <subfield code="a">Biblioteca civica Novi Ligure AL</subfield>
    <subfield code="1">AL0060</subfield>
    <subfield code="2">TO033</subfield>
  </datafield>
  <datafield tag="899" ind1=" " ind2=" ">
    <subfield code="a">Biblioteca dell&apos;Istituto per la storia della Resistenza e della societa&apos; contemporanea in provincia di Alessandria Alessandria AL</subfield>
    <subfield code="1">AL0135</subfield>
    <subfield code="2">TO022</subfield>
  </datafield>
  <datafield tag="899" ind1=" " ind2=" ">
    <subfield code="a">Biblioteca del Dipartimento di italianistica dell&apos;Università degli studi di Bologna Bologna BO</subfield>
    <subfield code="1">BO0451</subfield>
    <subfield code="2">UBOIT</subfield>
  </datafield>
  <datafield tag="899" ind1=" " ind2=" ">
    <subfield code="a">Biblioteca comunale Ariostea Ferrara FE</subfield>
    <subfield code="1">FE0017</subfield>
    <subfield code="2">UFEAR</subfield>
  </datafield>
  <datafield tag="899" ind1=" " ind2=" ">
    <subfield code="a">Biblioteca nazionale centrale Firenze FI</subfield>
    <subfield code="1">FI0098</subfield>
    <subfield code="2">CFICF</subfield>
  </datafield>
  <datafield tag="899" ind1=" " ind2=" ">
    <subfield code="a">Biblioteca Marucelliana Firenze FI</subfield>
    <subfield code="1">FI0101</subfield>
    <subfield code="2">CFIMF</subfield>
  </datafield>
  <datafield tag="899" ind1=" " ind2=" ">
    <subfield code="a">Biblioteca di scienze della formazione dell&apos;Universita&apos; degli studi di Firenze Firenze FI</subfield>
    <subfield code="1">FI0213</subfield>
    <subfield code="2">UFIMG</subfield>
  </datafield>
  <datafield tag="899" ind1=" " ind2=" ">
    <subfield code="a">Biblioteca comunale Labronica Francesco Domenico Guerrazzi. Sezione dei Bottini dell&apos;olio Livorno LI</subfield>
    <subfield code="1">LI0074</subfield>
    <subfield code="2">LIALA</subfield>
  </datafield>
  <datafield tag="899" ind1=" " ind2=" ">
    <subfield code="a">Biblioteca nazionale Braidense Milano MI</subfield>
    <subfield code="1">MI0185</subfield>
    <subfield code="2">MILNB</subfield>
  </datafield>
  <datafield tag="899" ind1=" " ind2=" ">
    <subfield code="a">Biblioteca della Accademia dei Filodrammatici Milano MI</subfield>
    <subfield code="1">MI1181</subfield>
    <subfield code="2">LO144</subfield>
  </datafield>
  <datafield tag="899" ind1=" " ind2=" ">
    <subfield code="a">Biblioteca comunale Roberto Ardigo&apos; Mantova MN</subfield>
    <subfield code="1">MN0035</subfield>
    <subfield code="2">LO112</subfield>
  </datafield>
  <datafield tag="899" ind1=" " ind2=" ">
    <subfield code="a">Biblioteca del Centro interdipartimentale di servizi di Palazzo Maldura dell&apos;Universita&apos; degli studi di Padova Padova PD</subfield>
    <subfield code="1">PD0343</subfield>
    <subfield code="2">PUV21</subfield>
  </datafield>
  <datafield tag="899" ind1=" " ind2=" ">
    <subfield code="a">Punto servizi bibliotecari dell&apos;Università degli studi di Firenze. Prato PO</subfield>
    <subfield code="1">PO0033</subfield>
    <subfield code="2">UFIPN</subfield>
  </datafield>
  <datafield tag="899" ind1=" " ind2=" ">
    <subfield code="a">Servizio biblioteca di storia dell&apos;arte dell&apos;Università degli studi di Parma Parma PR</subfield>
    <subfield code="1">PR0174</subfield>
    <subfield code="2">PARSS</subfield>
  </datafield>
  <datafield tag="899" ind1=" " ind2=" ">
    <subfield code="a">Biblioteca di Area umanistica dell&apos;Università degli studi di Urbino Urbino PU</subfield>
    <subfield code="1">PU0206</subfield>
    <subfield code="2">URBAU</subfield>
  </datafield>
  <datafield tag="899" ind1=" " ind2=" ">
    <subfield code="a">Biblioteca municipale Antonio Panizzi Reggio Emilia RE</subfield>
    <subfield code="1">RE0052</subfield>
    <subfield code="2">REAPA</subfield>
  </datafield>
  <datafield tag="899" ind1=" " ind2=" ">
    <subfield code="a">Biblioteca nazionale centrale Vittorio Emanuele II Roma RM</subfield>
    <subfield code="1">RM0267</subfield>
    <subfield code="2">BVECR</subfield>
  </datafield>
  <datafield tag="899" ind1=" " ind2=" ">
    <subfield code="a">Biblioteca comunale del Villino Corsini Roma RM</subfield>
    <subfield code="1">RM1401</subfield>
    <subfield code="2">RMBR3</subfield>
  </datafield>
  <datafield tag="899" ind1=" " ind2=" ">
    <subfield code="a">Biblioteca civica Francesco Cognasso Torino TO</subfield>
    <subfield code="1">TO0451</subfield>
    <subfield code="2">TO0TL</subfield>
  </datafield>
  <datafield tag="899" ind1=" " ind2=" ">
    <subfield code="a">Biblioteca civica Dina Rebaudengo - Aurora Torino TO</subfield>
    <subfield code="1">TO0566</subfield>
    <subfield code="2">TO0TH</subfield>
  </datafield>
  <datafield tag="899" ind1=" " ind2=" ">
    <subfield code="a">Biblioteca civica Regio Parco Torino TO</subfield>
    <subfield code="1">TO0567</subfield>
    <subfield code="2">TO0TG</subfield>
  </datafield>
  <datafield tag="899" ind1=" " ind2=" ">
    <subfield code="a">Biblioteca del Dipartimento di discipline artistiche, musicali e dello spettacolo dell&apos;Universita&apos; degli studi di Torino Torino TO</subfield>
    <subfield code="1">TO0643</subfield>
    <subfield code="2">TO010</subfield>
  </datafield>
  <datafield tag="899" ind1=" " ind2=" ">
    <subfield code="a">Biblioteca civica Attilio Hortis Trieste TS</subfield>
    <subfield code="1">TS0013</subfield>
    <subfield code="2">TSABC</subfield>
  </datafield>
  <datafield tag="899" ind1=" " ind2=" ">
    <subfield code="a">Biblioteca statale di Trieste Trieste TS</subfield>
    <subfield code="1">TS0027</subfield>
    <subfield code="2">TSABS</subfield>
  </datafield>
  <datafield tag="899" ind1=" " ind2=" ">
    <subfield code="a">Biblioteca nazionale Marciana Venezia VE</subfield>
    <subfield code="1">VE0049</subfield>
    <subfield code="2">VEABM</subfield>
  </datafield>
  <datafield tag="899" ind1=" " ind2=" ">
    <subfield code="a">Biblioteca dell&apos;Archivio storico delle arti contemporanee. ASAC Venezia VE</subfield>
    <subfield code="1">VE0100</subfield>
    <subfield code="2">VEAAB</subfield>
  </datafield>
</record>