

<record xmlns="http://www.loc.gov/MARC21/slim">
  <leader>00905nam0a2200241  A450 </leader>
  <controlfield tag="001">IT\ICCU\BVEE\023209</controlfield>
  <controlfield tag="005">19990701</controlfield>
  <datafield tag="012" ind1=" " ind2=" ">
    <subfield code="a">roi- o.e. .)di (Gpo (3) 1687 (R)</subfield>
    <subfield code="2">fei</subfield>
  </datafield>
  <datafield tag="100" ind1=" " ind2=" ">
    <subfield code="a">19990701d1687    |||||itac01      ba</subfield>
  </datafield>
  <datafield tag="101" ind1="|" ind2=" ">
    <subfield code="a">ita</subfield>
  </datafield>
  <datafield tag="102" ind1=" " ind2=" ">
    <subfield code="a">IT</subfield>
  </datafield>
  <datafield tag="105" ind1=" " ind2=" ">
    <subfield code="a">    ma   ||||</subfield>
  </datafield>
  <datafield tag="140" ind1=" " ind2=" ">
    <subfield code="a">|||||||||ma      |||||||||||</subfield>
  </datafield>
  <datafield tag="200" ind1="1" ind2=" ">
    <subfield code="a">HL&apos; IAdargonte tragedia del signor Prospero Mandosi nobile romano, e caualiere di S. Stefano</subfield>
  </datafield>
  <datafield tag="210" ind1=" " ind2=" ">
    <subfield code="a">In Bologna</subfield>
    <subfield code="c">per Giuseppe Longhi</subfield>
    <subfield code="d">1687</subfield>
  </datafield>
  <datafield tag="215" ind1=" " ind2=" ">
    <subfield code="a">120 p.</subfield>
    <subfield code="d">12o.</subfield>
  </datafield>
  <datafield tag="300" ind1=" " ind2=" ">
    <subfield code="a">Segn.: A-E12.</subfield>
  </datafield>
  <datafield tag="620" ind1=" " ind2=" ">
    <subfield code="d">BOLOGNA</subfield>
  </datafield>
  <datafield tag="700" ind1=" " ind2="1">
    <subfield code="a">Mandosio, Prospero &lt;1650-1709&gt;</subfield>
    <subfield code="3">IT\ICCU\TO0V\315218</subfield>
  </datafield>
  <datafield tag="712" ind1="0" ind2="2">
    <subfield code="a">Longhi, Giuseppe &lt;1.&gt;</subfield>
    <subfield code="3">IT\ICCU\RAVV\092285</subfield>
    <subfield code="4">650</subfield>
  </datafield>
  <datafield tag="801" ind1=" " ind2="0">
    <subfield code="a">IT</subfield>
    <subfield code="b">ICCU</subfield>
    <subfield code="c">20040318</subfield>
  </datafield>
  <datafield tag="899" ind1=" " ind2=" ">
    <subfield code="a">Biblioteca nazionale centrale Vittorio Emanuele II Roma RM</subfield>
    <subfield code="1">RM0267</subfield>
    <subfield code="2">BVECR</subfield>
    <subfield code="4">1 esemplare</subfield>
  </datafield>
  <datafield tag="899" ind1=" " ind2=" ">
    <subfield code="a">Biblioteca della Accademia dei Filodrammatici Milano MI</subfield>
    <subfield code="1">MI1181</subfield>
    <subfield code="2">LO144</subfield>
  </datafield>
</record>
</collection>